@book{
	ber-tsi-97, 
	place={Belmont, MA}, 
	title={Introduction to linear optimization}, 
	publisher={Athena Scientific}, 
	author={Bertsimas, Dimitris and Tsitsiklis, John N.}, 
	year={1997}
}
